@Book {xie2013ddrk,
  Title                    = {Dynamic Documents with R and knitr},
  Author                   = {Yihui Xie},
  Publisher                = {Boca Raton, FL: CRC Press},
  Year                     = {2013},

  Owner                    = {steve},
  Timestamp                = {2015.09.13}
}

@Manual{R-base,
  title = {R: A Language and Environment for Statistical
           Computing},
  author = {{R Core Team}},
  organization = {R Foundation for Statistical Computing},
  address = {Vienna, Austria},
  year = {2019},
  url = {https://www.R-project.org},
}

